%
% Author: Nicola Bernardini <nicb@sme-ccppd.org>
%
% Copyright (c) 2006 Nicola Bernardini
%
% This work is licensed under the Creative Commons 
% Attribution-ShareAlike License. To 
% view a copy of this license, visit 
% http://creativecommons.org/licenses/by-sa/2.5/ 
% or send a letter to Creative Commons, 
% 559 Nathan Abbott Way, Stanford, California 94305, USA.
%
% Some rights reserved.
% SVNId : $Id: MusicFunctions.bib 469 2006-03-28 15:14:55Z nicb $
%
@book{castells:informationage:1:1996,
	title = {The {I}nformation {A}ge: {E}conomy, {S}ociety and {C}ulture:
	         {T}he {R}ise of the {N}etwork {S}ociety},
	volume = {1},
	author = {Manuel Castells},
	year   = {1996},
	publisher = {Blackwell},
}

@book{nowotny:rethinking:2001,
	author = {Nowotny, H. and Scott, P. and Gibbons, M.}
	year = {2001},
	title = {Re-thinking science : knowledge and the public
	         in an age of uncertainty},
	address = {Cambridge},
	publisher = {Polity},
}
